@Article{Goebl2018supra,
    author="G{\"o}bl, R{\"u}diger and Navab, Nassir and Hennersperger, Christoph",
    title="SUPRA: open-source software-defined ultrasound processing for real-time applications",
    journal="International Journal of Computer Assisted Radiology and Surgery",
    year="2018",
    month="Mar",
    day="28",
    issn="1861-6429",
    doi="10.1007/s11548-018-1750-6",
    url="https://doi.org/10.1007/s11548-018-1750-6"
}

@article{articleAboutSDMAS,
    author = {Kirchner, Thomas and Sattler, Franz and Gr√∂hl, Janek and Maier-Hein, Lena},
    year = "2018",
    month = "Oct",
    pages = {},
    title = {Signed Real-Time Delay Multiply and Sum Beamforming for Multispectral Photoacoustic Imaging},
    volume = {4},
    journal = {Journal of Imaging},
    doi = {10.3390/jimaging4100121}
}
